@online{search_history,
    author={Aaron Wall},
    title={History of Search Engines: From 1945 to Google Today},
    year=2006,
    url={http://www.searchenginehistory.com/},
    urldate={2016-11-03},
}

@online{dion_almaer,
    author={Dion Almaer},
    title={Democratizing Machine Intelligence},
    year=2016,
    url={https://medium.com/ben-and-dion/democratizing-machine-intelligence-758e2b051d1c},
    urldate={2016-11-01},
}

@online{javaworld,
    author={Andrew Glover},
    title={The democratization of search},
    year=2013,
    url={http://www.javaworld.com/article/2074841/core-java/the-democratization-of-search.html},
    urldate={2016-11-01},
}

@online{name_falsehoods,
    author={Patrick McKenzie},
    title={Falsehoods Programmers Believe About Names},
    year=2010,
    url={https://www.koalzumeus.com/2010/06/17/falsehoods-programmers-believe-about-names/},
    urldate={2016-11-01},
}


@online{small_data,
    author={Jens Ditrich},
    title={The Case for Small Data Management},
    year=2015,
    organization={Youtube},
    url={https://www.youtube.com/watch?v=O7Qgo6RSzmE&index=5&list=FLsQrpCWFBcd2Gqr456bJfAg},
    urldate={2016-11-02},
}

@online{sto_ms,
    author={Marissa Mayer},
    title={Marissa Mayer at Web 2.0},
    year=2006,
    url={http://glinden.blogspot.com/2006/11/marissa-mayer-at-web-20.html},
    urldate={2016-11-03},
}

@inproceedings{Stonebraker:2005:OSF:1053724.1054024,
    author = {Stonebraker, Michael and Cetintemel, Ugur},
    title = {"One Size Fits All": An Idea Whose Time Has Come and Gone},
    booktitle = {Proceedings of the 21st International Conference on Data Engineering},
    series = {ICDE '05},
    year = {2005},
    isbn = {0-7695-2285-8},
    pages = {2--11},
    numpages = {10},
    url = {http://dx.doi.org/10.1109/ICDE.2005.1},
    doi = {10.1109/ICDE.2005.1},
    acmid = {1054024},
    publisher = {IEEE Computer Society},
    address = {Washington, DC, USA},
} 

@book{Manning:2008:IIR:1394399,
    author = {Manning, Christopher D. and Raghavan, Prabhakar and Sch\"{u}tze, Hinrich},
    title = {Introduction to Information Retrieval},
    year = {2008},
    isbn = {0521865719, 9780521865715},
    publisher = {Cambridge University Press},
    address = {New York, NY, USA},
} 

@online{lsm_lucene,
    author={Ayende Rahien},
    title={The LSM option},
    year=2016,
    url={https://ayende.com/blog/174370/the-guts-n-glory-of-database-internals-the-lsm-option},
    urldate={2016-11-03},
}
